<?xml version="1.0" encoding="UTF-8"?><record xmlns="http://www.loc.gov/MARC21/slim" xmlns:cinclude="http://apache.org/cocoon/include/1.0" xmlns:zs="http://www.loc.gov/zing/srw/">
  <leader>00580cz  a2200157n  4500</leader>
  <controlfield tag="001">n  86844386 </controlfield>
  <controlfield tag="003">DLC</controlfield>
  <controlfield tag="005">19861120151722.5</controlfield>
  <controlfield tag="008">860804n| acannaab|          |a aad |||  </controlfield>
  <datafield tag="010" ind1=" " ind2=" ">
    <subfield code="a">n  86844386 </subfield>
  </datafield>
  <datafield tag="040" ind1=" " ind2=" ">
    <subfield code="a">DLC</subfield>
    <subfield code="c">DLC</subfield>
    <subfield code="d">DLC</subfield>
  </datafield>
  <datafield tag="100" ind1="1" ind2="0">
    <subfield code="a">Roberts, Alan A.</subfield>
  </datafield>
  <datafield tag="400" ind1="1" ind2="0">
    <subfield code="a">Roberts, A. A.</subfield>
    <subfield code="q">(Alan A.)</subfield>
  </datafield>
  <datafield tag="667" ind1=" " ind2=" ">
    <subfield code="a">"Robert" in NUC record's usage per DI-GS rept.</subfield>
  </datafield>
  <datafield tag="670" ind1=" " ind2=" ">
    <subfield code="a">nuc86-72214: Reimer, G.M. Diurnal effects on helium, 1976</subfield>
    <subfield code="b">(hdg. on DI-GS rept.: Roberts, Alan A.; usage: A.A. Robert)</subfield>
  </datafield>
  <datafield tag="670" ind1=" " ind2=" ">
    <subfield code="a">NUC manual files at LC, 11/20/86</subfield>
    <subfield code="b">(hdg.: Roberts, Alan A.; usage: Alan A. Roberts)</subfield>
  </datafield>
</record>